@INPROCEEDINGS {MandB75,
  author       = {A. Merlin and H. Back},
  title        = {Search for a Minimal-loss Spanning Tree Configuration in Urban Power Distribution System},
  booktitle    = {Proceedings of 5th Power System Computing Conference},
  year         = {1975},
  location     = {Cambridge, U.K.}
}

@ARTICLE {CavLyra97,
  author       = {C. Cavelucci and C. Lyra},
  title        = {Minimization of Energy Losses in Electric Power Distribution Systems by Intelligent Search Strategies},
  journaltitle = {International Transactions on Operational Research},
  date         = {1997},
  volume       = {4},
  issue        = {1},
  pages        = {23-33},
}

@ARTICLE {CinGra88,
  author       = {S. Civanlar et.al.},
  title        = {Distribution Feeder Reconfiguration for Loss Reduction},
  journaltitle = {IEEE Transactions on Power Delivery},
  date         = {1988-07},
  volume       = {3},
  pages        = {1217-1223},
}

@ARTICLE {ShiHon89,
  author       = {D. Shirmohammadi and H. W. Hong},
  title        = {Reconfiguration of Electric Distribution Networks for Resistive Line Losses Reduction},
  journaltitle = {IEEE Transactions on Power Delivery},
  date         = {1989-04},
  volume       = {4},
  pages        = {1492-1498},
}

@ARTICLE {KalAgn14,
  author       = {S. Kalambe and G. Agnihotri},
  title        = {Loss Minmization Techniques used in Distribution Network: Bibliographical Survey},
  journaltitle = {Renewable and Sustainable Energy Reviews},
  date         = {2014},
  volume       = {29},
  pages        = {184-200},
}

@ARTICLE {Das2006,
  author       = {D. Das},
  title        = {A Fuzzy Multiobjective Approach for Network Reconfiguration of Distribution Systems},
  journaltitle = {IEEE Transactions on Power Delivery},
  date         = {2006-01},
  volume       = {21},
  issue        = {1},
  pages        = {202-209},
}

@ARTICLE {Lopez2004,
  author       = {E. Lopez et.al.},
  title        = {Online Reconfiguration Considering Variability Demand},
  journaltitle = {IEEE Transactions on Power Systems},
  date         = {2004-02},
  volume       = {19},
  issue        = {1},
  pages        = {549-553},
}

@ARTICLE {Yin2009,
  author       = {S.-A. Yin and C.-N. Lu},
  title        = {Distribution Feeder Scheduling Considering Variable Load Profile and Outage Costs},
  journaltitle = {IEEE Transactions on Power Systems},
  date         = {2009-05},
  volume       = {24},
  issue        = {2},
  pages        = {652-660},
}

@ARTICLE {QueLyr2009,
  author       = {L. M. O. Queiroz and C. Lyra},
  title        = {Adaptive Hybrid Genetic Algorithm for Technical Loss Reduction in Distribution Networks Under Variable Demands},
  journaltitle = {IEEE Transactions on Power Systems},
  date         = {2009-02},
  volume       = {24},
  issue        = {1},
  pages        = {445-453},
}

@INPROCEEDINGS {Zidan2012,
  author       = {A. Zidan and E.F. El-Saadany},
  title        = {Network Reconfiguration in Balanced Distribution Systems with Variable Load Demand and Variable Renewable Resources Generation},
  booktitle    = {Proceedings of the IEEE Power and Energy Society General Meeting},
  year         = {2012-07},
  location     = {San Diego, U.S.A.}
}

@ARTICLE {Borghetti2010,
  author       = {A. Borghetti et.al.},
  title        = {Short-Term Scheduling and Control fo Active Distribution Systems with High Penetration of Renewable Resources},
  journaltitle = {IEEE Systems Journal},
  date         = {2010-09},
  volume       = {4},
  issue        = {3},
  pages        = {313-322},
}

@ARTICLE {OlaNik2008,
  author       = {J. Olamaei et.al.},
  title        = {Application of Particle Swarm Optimization for Distribution Feeder Reconfiguration Considering Distributed Generators},
  journaltitle = {Applied Mathematics and Computation},
  date         = {2008},
  volume       = {201},
  pages        = {575-586},
}

@ARTICLE {SuLu2011,
  author       = {S.-Y. Su et.al.},
  title        = {Distributed Generation Interconnection Planning: A Wind Power Case Study},
  journaltitle = {IEEE Transactions on Smart Grids},
  date         = {2011-03},
  volume       = {2},
  issue        = {1},
  pages        = {181-189},
}

@INPROCEEDINGS {Falcao2001,
  author       = {D.M. Falcao and H.O. Henriques},
  title        = {Load Estimation in Radial Distribution Systems Using Neural Networks and Fuzzy Set Techniques},
  booktitle    = {Proceedings of Power Engineering Society Summer Meeting},
  year         = {2001},
  location     = {Vancouver, Canada}
}

@INPROCEEDINGS {Nose2011,
  author       = {K. Nose-Filho et.al.},
  title        = {Short-Term Multinoal Load Forecasting in Distribution Systems Using General Regression Neural Networks},
  booktitle    = {IEEE PowerTech},
  year         = {2011},
  location     = {Trondheim, Norway}
}

@BOOK {Argonne2009,
  author       = {C. Monteiro et.al.},
  title        = {Wind Power Forecasting: State of the Art 2009},
  year         = {2009},
  publisher    = {Argonne National Laboratory}
}

@INPROCEEDINGS {Ghadi2012,
  author       = {M.J. Ghadi et.al.},
  title        = {A new Method for Short-Term Wind Power Forecasting},
  booktitle    = {17th Electrical Power Distribution Networks Conference},
  year         = {2012},
  location     = {Tehran, Iran}
}

@INPROCEEDINGS {Bracale2013,
  author       = {A. Bracale et.al.},
  title        = {A Bayesian-Based Approach for a Short-Term Steady-State Forecast of a Smart Grid},
  booktitle    = {IEEE PowerTech},
  year         = {2011},
  location     = {Trondheim, Norway}
}

@BOOK {PVPS2013,
  author       = {S. Pelland et.al.},
  title        = {Photovoltaic and Solar Forecasting: State of the Art},
  year         = {2013},
  publisher    = {IEA International Energy Agency}
}

